@online{hdlwikipedia,
author = {Wikipedia HDL},
title = {HDL},
date = {2019},
url = {https://en.wikipedia.org/wiki/Hardware\_description\_language}
}

@online{hls,
author = {Wikipedia HLS},
title = {HLS},
date = {2019},
url = {https://en.wikipedia.org/wiki/High-level\_synthesis}
}

@online{vivado,
author = {Xilinx},
title = {Vivado Design Suite},
date = {2020},
url = {https://www.xilinx.com/products/design-tools/vivado.html},
}

@online{sintesitut,
author = {Zip CPU},
title = {Minimizing LUT},
date = {2017},
url = {https://zipcpu.com/blog/2017/06/12/minimizing-luts.html},
}

@online{wikiieee754,
	author = {Wikipedia},
	title = {IEEE 754 Floating Point Single Precision},
	date = {2019},
	url = {https://en.wikipedia.org/wiki/Single-precision\_floating-point\_format},
}

@online{wikiarich754,
	author = {Wikipedia},
	title = {Arithmetic IEEE 754},
	date = {2019},
	url = {https://en.wikipedia.org/wiki/Floating-point\_arithmetic},
}
