@online{SystemC-TLM,
	author = {Accellera},
	title = {SystemC TLM},
	date = {2019},
	url = {https://www.accellera.org/community/systemc/about-systemc-tlm},
}

